<?xml version="1.0" encoding="UTF-8"?><record xmlns="http://www.loc.gov/MARC21/slim" xmlns:cinclude="http://apache.org/cocoon/include/1.0" xmlns:zs="http://www.loc.gov/zing/srw/">
  <leader>01121cz  a2200229n  4500</leader>
  <controlfield tag="001">n  97055396 </controlfield>
  <controlfield tag="003">DLC</controlfield>
  <controlfield tag="005">20160713133800.0</controlfield>
  <controlfield tag="008">970528n| azannaabn          |a aaa      </controlfield>
  <datafield tag="010" ind1=" " ind2=" ">
    <subfield code="a">n  97055396 </subfield>
    <subfield code="z">n 2012033777</subfield>
  </datafield>
  <datafield tag="035" ind1=" " ind2=" ">
    <subfield code="a">(OCoLC)oca04353853</subfield>
  </datafield>
  <datafield tag="040" ind1=" " ind2=" ">
    <subfield code="a">DLC</subfield>
    <subfield code="b">eng</subfield>
    <subfield code="e">rda</subfield>
    <subfield code="c">DLC</subfield>
    <subfield code="d">DLC</subfield>
    <subfield code="d">OCoLC</subfield>
    <subfield code="d">DLC</subfield>
  </datafield>
  <datafield tag="100" ind1="1" ind2=" ">
    <subfield code="a">Sunyol i Garriga, Josep,</subfield>
    <subfield code="d">1898-1936</subfield>
  </datafield>
  <datafield tag="400" ind1="1" ind2=" ">
    <subfield code="a">Garriga, Josep Sunyol i,</subfield>
    <subfield code="d">1898-1936</subfield>
  </datafield>
  <datafield tag="400" ind1="1" ind2=" ">
    <subfield code="a">Sunyol, Josep,</subfield>
    <subfield code="d">1898-1936</subfield>
  </datafield>
  <datafield tag="400" ind1="1" ind2=" ">
    <subfield code="a">Suñol, José,</subfield>
    <subfield code="d">1898-1936</subfield>
  </datafield>
  <datafield tag="400" ind1="1" ind2=" ">
    <subfield code="w">nne</subfield>
    <subfield code="a">Suñol i Garriga, Josep,</subfield>
    <subfield code="d">1898-1936</subfield>
  </datafield>
  <datafield tag="400" ind1="1" ind2=" ">
    <subfield code="a">Garriga, Josep Suñol i,</subfield>
    <subfield code="d">1898-1936</subfield>
  </datafield>
  <datafield tag="670" ind1=" " ind2=" ">
    <subfield code="a">Sunyol, l'altre president afusellat, 1996:</subfield>
    <subfield code="b">p. 7 (Josep Sunyol, president del Futbol Club Barcelona) p. 17 (Josep Sunyol i Garriga (Barcelona 1898-Guadarrama 1936)) p. 58 (editor de La rambla de Catalunya) p. 108 (diputado catalán D. José Suñol)</subfield>
  </datafield>
  <datafield tag="670" ind1=" " ind2=" ">
    <subfield code="a">Josep Suñol i Garriga, 2011:</subfield>
    <subfield code="b">t.p. (Josep Suñol i Garriga)</subfield>
  </datafield>
  <datafield tag="670" ind1=" " ind2=" ">
    <subfield code="a">OCLC, May 18, 2012</subfield>
    <subfield code="b">(hdg.: Suñol i Garriga, Josep, 1898-1936)</subfield>
  </datafield>
  <datafield tag="675" ind1=" " ind2=" ">
    <subfield code="a">Dic. bio., 1970;</subfield>
    <subfield code="a">Ind. bio. de España, Portugal e Iberoamérica, 1990;</subfield>
    <subfield code="a">Salvat Català, 1968.</subfield>
  </datafield>
</record>